<record><leader>00000cas a22000007a 4500</leader><controlfield tag="001">22770138</controlfield><controlfield tag="008">901203c19879999ohumr ne      0    0eng d</controlfield><datafield ind1=" " ind2=" " tag="010"><subfield code="a">sn 90068512 </subfield></datafield><datafield ind1=" " ind2=" " tag="040"><subfield code="a">ONP</subfield><subfield code="b">eng</subfield><subfield code="c">ONP</subfield><subfield code="d">OCLCQ</subfield></datafield><datafield ind1=" " ind2=" " tag="042"><subfield code="a">msc</subfield></datafield><datafield ind1="0" ind2=" " tag="130"><subfield code="a">Willoughby times (Willoughby, Ohio : 1987)</subfield></datafield><datafield ind1="1" ind2="4" tag="245"><subfield code="a">The Willoughby times.</subfield></datafield><datafield ind1=" " ind2=" " tag="260"><subfield code="a">Eastlake, Ohio :</subfield><subfield code="b">Community News Pub. Co.,</subfield><subfield code="c">1987-</subfield></datafield><datafield ind1=" " ind2=" " tag="300"><subfield code="a">v.</subfield></datafield><datafield ind1=" " ind2=" " tag="310"><subfield code="a">Monthly</subfield></datafield><datafield ind1="0" ind2=" " tag="362"><subfield code="a">Vol. 1, no. 1 (Apr. 1987)-</subfield></datafield><datafield ind1=" " ind2=" " tag="500"><subfield code="a">Published in Eastlake for the City of Willoughby.</subfield></datafield><datafield ind1=" " ind2="4" tag="651"><subfield code="a">Willoughby (Ohio)</subfield><subfield code="v">Newspapers.</subfield></datafield><datafield ind1=" " ind2="4" tag="651"><subfield code="a">Eastlake (Ohio)</subfield><subfield code="v">Newspapers.</subfield></datafield><datafield ind1=" " ind2="4" tag="651"><subfield code="a">Lake County (Ohio)</subfield><subfield code="v">Newspapers.</subfield></datafield><datafield ind1=" " ind2=" " tag="752"><subfield code="a">United States</subfield><subfield code="b">Ohio</subfield><subfield code="c">Lake</subfield><subfield code="d">Eastlake.</subfield></datafield><datafield ind1="1" ind2=" " tag="029"><subfield code="a">AU@</subfield><subfield code="b">000025875736</subfield></datafield></record>